<record><leader>00000cas a22000007a 4500</leader><controlfield tag="001">11151162</controlfield><controlfield tag="008">840913d1951196umtuwr ne      0    0eng d</controlfield><datafield ind1=" " ind2=" " tag="010"><subfield code="a">sn 84036186 </subfield></datafield><datafield ind1=" " ind2=" " tag="040"><subfield code="a">MTL</subfield><subfield code="b">eng</subfield><subfield code="c">MTL</subfield><subfield code="d">MTG</subfield><subfield code="d">OCLCF</subfield><subfield code="d">OCLCO</subfield></datafield><datafield ind1="1" ind2=" " tag="029"><subfield code="a">AU@</subfield><subfield code="b">000025810889</subfield></datafield><datafield ind1=" " ind2=" " tag="042"><subfield code="a">msc</subfield></datafield><datafield ind1="0" ind2="4" tag="245"><subfield code="a">The Yellowstone news.</subfield></datafield><datafield ind1=" " ind2=" " tag="260"><subfield code="a">Billings, Mont. :</subfield><subfield code="b">F.J. Martin,</subfield><subfield code="c">1951-</subfield></datafield><datafield ind1=" " ind2=" " tag="300"><subfield code="a">v. :</subfield><subfield code="b">ill. ;</subfield><subfield code="c">   cm.</subfield></datafield><datafield ind1=" " ind2=" " tag="310"><subfield code="a">Weekly</subfield></datafield><datafield ind1="0" ind2=" " tag="362"><subfield code="a">Vol. 1, no. 1 (July 19, 1951)-</subfield></datafield><datafield ind1="1" ind2=" " tag="362"><subfield code="a">Ceased by 1962.</subfield><subfield code="z">Cf. Billings city directory, 1961, 1962.</subfield></datafield><datafield ind1=" " ind2=" " tag="500"><subfield code="a">"An independent newspaper-politically,religiously,economically."</subfield></datafield><datafield ind1=" " ind2="0" tag="651"><subfield code="a">Billings (Mont.)</subfield><subfield code="v">Periodicals.</subfield></datafield><datafield ind1=" " ind2="7" tag="655"><subfield code="a">Periodicals.</subfield><subfield code="2">fast</subfield><subfield code="0">(OCoLC)fst01411641</subfield></datafield><datafield ind1=" " ind2="7" tag="651"><subfield code="a">Montana</subfield><subfield code="z">Billings.</subfield><subfield code="2">fast</subfield><subfield code="0">(OCoLC)fst01207428</subfield></datafield><datafield ind1=" " ind2=" " tag="752"><subfield code="a">United States</subfield><subfield code="b">Montana</subfield><subfield code="c">Yellowstone</subfield><subfield code="d">Billings.</subfield></datafield><datafield ind1="0" ind2="4" tag="780"><subfield code="t">Midland review (Billings, Mont.)</subfield><subfield code="w">(DLC)sn 85053265</subfield></datafield><datafield ind1="0" ind2="4" tag="780"><subfield code="t">Herald (Billings, Mont.)</subfield><subfield code="w">(DLC)sn 84036185</subfield></datafield></record>